<?xml version="1.0" encoding="UTF-8"?><collection xmlns="http://www.loc.gov/MARC21/slim"><record><leader>00577nam--2200181-i-4500</leader><controlfield tag="001">000011362</controlfield><controlfield tag="002">20161230</controlfield><controlfield tag="005">20161230201029</controlfield><controlfield tag="008">060222s1000------------r-----000-0-fre-d</controlfield><datafield ind1=" " ind2=" " tag="040"><subfield code="a">IFIN-HH</subfield></datafield><datafield ind1=" " ind2=" " tag="041"><subfield code="a">fre</subfield></datafield><datafield ind1=" " ind2=" " tag="080"><subfield code="a">539.144.42(043)</subfield></datafield><datafield ind1="1" ind2=" " tag="100"><subfield code="a">Ahmed-bakheit, Mohamed</subfield></datafield><datafield ind1="1" ind2="0" tag="245"><subfield code="a">Etude par relaxation nucleaire de la dinamique de spin dans un systeme de heisenberg unidimensionnel, le tmmc</subfield><subfield code="b">These</subfield><subfield code="c">Mohamed ahmed-bakheit</subfield></datafield><datafield ind1=" " ind2=" " tag="260"><subfield code="a">Grenoble</subfield><subfield code="b">Universite Scientifique Et Medicale</subfield><subfield code="c">1974</subfield></datafield><datafield ind1=" " ind2=" " tag="300"><subfield code="a">85 P</subfield></datafield><datafield ind1=" " ind2=" " tag="852"><subfield code="a">42176</subfield><subfield code="c">535.33</subfield></datafield><datafield ind1=" " ind2=" " tag="CAT"><subfield code="a">Sys</subfield><subfield code="c">20101206</subfield><subfield code="h">152312</subfield></datafield></record></collection>